<record><leader>00000cas a22000007a 4500</leader><controlfield tag="001">17368148</controlfield><controlfield tag="008">880121d18791916pauwr ne      0    0eng d</controlfield><datafield ind1=" " ind2=" " tag="010"><subfield code="a">sn 88079037 </subfield></datafield><datafield ind1=" " ind2=" " tag="040"><subfield code="a">NPH</subfield><subfield code="b">eng</subfield><subfield code="c">NPH</subfield><subfield code="d">OCLCQ</subfield></datafield><datafield ind1=" " ind2=" " tag="042"><subfield code="a">msc</subfield></datafield><datafield ind1="0" ind2=" " tag="130"><subfield code="a">Mountain echo (Delaware Water Gap, Pa.)</subfield></datafield><datafield ind1="1" ind2="4" tag="245"><subfield code="a">The mountain echo.</subfield></datafield><datafield ind1=" " ind2=" " tag="260"><subfield code="a">Delaware Water Gap, Pa. :</subfield><subfield code="b">[s.n.],</subfield><subfield code="c">1879-</subfield></datafield><datafield ind1=" " ind2=" " tag="300"><subfield code="a">v. :</subfield><subfield code="b">ill. ;</subfield><subfield code="c">43-46 cm.</subfield></datafield><datafield ind1=" " ind2=" " tag="310"><subfield code="a">Weekly,</subfield><subfield code="b">&lt;1916&gt;</subfield></datafield><datafield ind1=" " ind2=" " tag="321"><subfield code="a">Monthly (June through Oct.),</subfield><subfield code="b">&lt;1879&gt;</subfield></datafield><datafield ind1="0" ind2=" " tag="362"><subfield code="a">Vol. 1, no. 1 (June 1879)-</subfield></datafield><datafield ind1="1" ind2=" " tag="362"><subfield code="a">Ceased in 1916?</subfield></datafield><datafield ind1=" " ind2=" " tag="500"><subfield code="a">"Registry of guests, entertainments, and summer gossip. Description of American scenery, tours and incidents."</subfield></datafield><datafield ind1=" " ind2=" " tag="500"><subfield code="a">Published in Stroudsburg, Pa., &lt;1902-1916&gt;.</subfield></datafield><datafield ind1=" " ind2=" " tag="500"><subfield code="a">Editors: Jesse A. Graves, Cyrus Sheppard.</subfield></datafield><datafield ind1=" " ind2=" " tag="752"><subfield code="a">United States</subfield><subfield code="b">Pennsylvania</subfield><subfield code="c">Monroe</subfield><subfield code="d">Delaware Water Gap.</subfield></datafield><datafield ind1=" " ind2=" " tag="752"><subfield code="a">United States</subfield><subfield code="b">Pennsylvania</subfield><subfield code="c">Monroe</subfield><subfield code="d">Stroudsburg.</subfield></datafield><datafield ind1="1" ind2=" " tag="029"><subfield code="a">AU@</subfield><subfield code="b">000025787083</subfield></datafield></record>